<?xml version="1.0" encoding="UTF-8" ?><marc:collection xmlns:marc="http://www.loc.gov/MARC21/slim" xmlns:xsi="http://www.w3.org/2001/XMLSchema-instance" xsi:schemaLocation="http://www.loc.gov/MARC21/slim http://www.loc.gov/standards/marcxml/schema/MARC21slim.xsd">
<marc:record><marc:leader>02330nam a2200385   4500</marc:leader>
<marc:controlfield tag="001">3072</marc:controlfield>
<marc:controlfield tag="003">aeadna</marc:controlfield><marc:controlfield tag="005">20100502080900.0</marc:controlfield><marc:controlfield tag="008">970211m19111914ua    0f0  ara0d1 0dara d</marc:controlfield><marc:datafield tag="035" ind1=" " ind2=" "><marc:subfield code="a">(Sirsi) 3072</marc:subfield></marc:datafield><marc:datafield tag="040" ind1=" " ind2=" "><marc:subfield code="a">nal</marc:subfield><marc:subfield code="b">ara</marc:subfield><marc:subfield code="e">AACR2</marc:subfield></marc:datafield><marc:datafield tag="041" ind1="0" ind2=" "><marc:subfield code="a">ara</marc:subfield></marc:datafield><marc:datafield tag="043" ind1=" " ind2=" "><marc:subfield code="a">a-ye---</marc:subfield></marc:datafield><marc:datafield tag="050" ind1=" " ind2="4"><marc:subfield code="a">DS247.Y4</marc:subfield><marc:subfield code="b">.K5</marc:subfield></marc:datafield><marc:datafield tag="066" ind1=" " ind2=" "><marc:subfield code="c">(3</marc:subfield></marc:datafield><marc:datafield tag="100" ind1="1" ind2=" "><marc:subfield code="a">الخزرجي، علي بن حسن،</marc:subfield><marc:subfield code="d"> -1409 أو 1410.</marc:subfield></marc:datafield><marc:datafield tag="245" ind1="1" ind2="0"><marc:subfield code="a">كتاب العقود اللؤلؤية في تاريخ الدولة الرسولية/</marc:subfield><marc:subfield code="c">علي بن الحسن الخزرجي؛ عني بتصحيحه وتنقيحه محمد بسيوني عسل</marc:subfield></marc:datafield><marc:datafield tag="246" ind1="3" ind2="0"><marc:subfield code="a">العقود اللؤلؤية في تاريخ الدولة الرسولية</marc:subfield></marc:datafield><marc:datafield tag="246" ind1="1" ind2="5"><marc:subfield code="a">The Pearl-Strings: a history of the Resuliyy dynasty of Yemen</marc:subfield></marc:datafield><marc:datafield tag="260" ind1=" " ind2=" "><marc:subfield code="a">الفجالة [القاهرة]:</marc:subfield><marc:subfield code="b">مطبعة الهلال بالفجالة بمصر،</marc:subfield><marc:subfield code="c">1911م.</marc:subfield></marc:datafield><marc:datafield tag="300" ind1=" " ind2=" "><marc:subfield code="a">2 ج. (449 ص. ، 493 ص.)؛</marc:subfield><marc:subfield code="c">24 سم.</marc:subfield></marc:datafield><marc:datafield tag="500" ind1=" " ind2=" "><marc:subfield code="a">مقدمة وصفحة عنوان باللغة الإنجليزية</marc:subfield></marc:datafield><marc:datafield tag="500" ind1=" " ind2=" "><marc:subfield code="a">تنويه: ظهر تاريخ النشر على صفحة العنوان باللغة الإنجليزية ، v.4,1913 للمجلد الأول 1911.  وظهر تاريخ النشر على صفحة العنوان باللغة الإنجليزية، 1914 للمجلد الثاني،v.5, 1918</marc:subfield></marc:datafield><marc:datafield tag="500" ind1=" " ind2=" "><marc:subfield code="a">سنة النشر على صفحة العنوان باللغة العربية للمجلد الأول1911، و للمجلد الثاني 1914. ليدن، بريل.</marc:subfield></marc:datafield><marc:datafield tag="500" ind1=" " ind2=" "><marc:subfield code="a">&quot; طبع على نفقة أوقاف ذكرى المغفور له مستر جب &quot;</marc:subfield></marc:datafield><marc:datafield tag="500" ind1=" " ind2=" "><marc:subfield code="a">سنة النشر على صفحة العنوان باللغة الإنجليزية للمجلد الأول1913، و للمجلد الثاني 1918. ليدن، بريل.('E. J.W. Gibb Memorial' Series)</marc:subfield></marc:datafield><marc:datafield tag="650" ind1=" " ind2="4"><marc:subfield code="a">الدولة الرسولية</marc:subfield><marc:subfield code="x">تاريخ</marc:subfield><marc:subfield code="y">الأعمال المبكرة حتى 1800</marc:subfield></marc:datafield><marc:datafield tag="651" ind1=" " ind2="4"><marc:subfield code="a">اليمن</marc:subfield><marc:subfield code="x">تاريخ</marc:subfield><marc:subfield code="y">الأعمال المبكرة حتى 1800</marc:subfield></marc:datafield><marc:datafield tag="651" ind1=" " ind2="4"><marc:subfield code="a">اليمن</marc:subfield><marc:subfield code="x">تاريخ</marc:subfield><marc:subfield code="y">الدولة الرسولية</marc:subfield><marc:subfield code="y">الأعمال المبكرة حتى 1800</marc:subfield></marc:datafield><marc:datafield tag="700" ind1="1" ind2=" "><marc:subfield code="a">عسل، محمد بسيوني</marc:subfield><marc:subfield code="e">مصحح ومنقح</marc:subfield></marc:datafield><marc:datafield tag="775" ind1="0" ind2=" "><marc:subfield code="a">الخزرجي، علي بن حسن</marc:subfield><marc:subfield code="b">ط. 2</marc:subfield><marc:subfield code="d">صنعاء : مركز الدراسات والبحوث اليمني، 1983م.</marc:subfield><marc:subfield code="t">كتاب العقود اللؤلؤية في تاريخ الدولة الرسولية /</marc:subfield></marc:datafield><marc:datafield tag="949" ind1=" " ind2=" "><marc:subfield code="a">DS247.Y4 .K5 1911</marc:subfield><marc:subfield code="v">1</marc:subfield><marc:subfield code="w">DDC</marc:subfield><marc:subfield code="i">30018000000287</marc:subfield><marc:subfield code="u">06/01/2003</marc:subfield><marc:subfield code="d">07/12/2009</marc:subfield><marc:subfield code="n">0</marc:subfield><marc:subfield code="t">Book</marc:subfield><marc:subfield code="l">av</marc:subfield><marc:subfield code="m">MAIN</marc:subfield><marc:subfield code="x">RAR</marc:subfield></marc:datafield><marc:datafield tag="949" ind1=" " ind2=" "><marc:subfield code="a">DS247.Y4 .K5 1911</marc:subfield><marc:subfield code="v">2</marc:subfield><marc:subfield code="w">DDC</marc:subfield><marc:subfield code="i">30018000000286</marc:subfield><marc:subfield code="u">06/01/2003</marc:subfield><marc:subfield code="d">07/12/2009</marc:subfield><marc:subfield code="n">0</marc:subfield><marc:subfield code="t">Book</marc:subfield><marc:subfield code="l">av</marc:subfield><marc:subfield code="m">MAIN</marc:subfield><marc:subfield code="x">RAR</marc:subfield></marc:datafield><marc:datafield tag="949" ind1=" " ind2=" "><marc:subfield code="a">DS247.Y4 .K5 1911</marc:subfield><marc:subfield code="v">1</marc:subfield><marc:subfield code="w">DDC</marc:subfield><marc:subfield code="i">30018000000279</marc:subfield><marc:subfield code="u">06/01/2003</marc:subfield><marc:subfield code="d">07/12/2009</marc:subfield><marc:subfield code="n">0</marc:subfield><marc:subfield code="t">Book</marc:subfield><marc:subfield code="l">av</marc:subfield><marc:subfield code="m">MAIN</marc:subfield><marc:subfield code="x">RAR</marc:subfield></marc:datafield><marc:datafield tag="949" ind1=" " ind2=" "><marc:subfield code="a">DS247.Y4 .K5 1911</marc:subfield><marc:subfield code="v">2</marc:subfield><marc:subfield code="w">DDC</marc:subfield><marc:subfield code="i">30018000000280</marc:subfield><marc:subfield code="u">06/01/2003</marc:subfield><marc:subfield code="d">07/12/2009</marc:subfield><marc:subfield code="n">0</marc:subfield><marc:subfield code="t">Book</marc:subfield><marc:subfield code="l">av</marc:subfield><marc:subfield code="m">MAIN</marc:subfield><marc:subfield code="x">RAR</marc:subfield></marc:datafield></marc:record>
</marc:collection>
